
@misc{wikipedia,
  title = {Wikipedia Bilgisayar Grafikleri},
  howpublished = {\url{https://en.wikipedia.org/wiki/Computer_graphics}},
}
@misc{bilimselgorsellestirme,
  title = {Bilimsel Görselleştirme},
  howpublished = {\url{https://docplayer.biz.tr/9040016-Bilimsel-gorsellestirme-tahir-emre-kalayci-bilgisayar-grafikleri.html}},
}
@misc{bilgisayargrafiklerinegiris,
  title = {Bilgisayar Grafiklerine Giris},
  howpublished = {\url{https://slideplayer.biz.tr/slide/3030539/}},
}
@misc{omercetin,
  title = {OmerCetin Bilgisayar Grafikleri},
  howpublished = {\url{http://omercetin.com.tr/DERS/CG/Omer6E01.pdf?i=1}},
}
@misc{ebergi,
  title = {Bilgisayar Grafikleri},
  howpublished = {\url{https://e-bergi.com/y/bilgisayar-grafikleri/}},
}

@misc{crazyprogrammer,
  title = {History of computer graphics 1950s-2010s},
  howpublished = {\url{https://www.thecrazyprogrammer.com/2021/07/history-of-computer-graphics.html}},
}
@misc{CG,
  title = {History of computer graphics},
  howpublished = {\url{https://graphics.cg.uni-saarland.de/courses/cg1-2018/slides/CG01b-History_Applications.pdf}},
}

@misc{Brief history of cgi,
  title = {History of computer graphics},
  howpublished = {\url{https://deseng.ryerson.ca/dokuwiki/mec222:brief_history_of_computer_graphics}},
}

@inproceedings{mkl1, 
author = {Thomas Suselo
,Burkhard C. Wünsche
, Andrew Luxton-Reilly
},
booktitle = {Technologies and Tools to Support Teaching and Learning
Computer Graphics},
mendeley-groups = {Tik/2017 Aralık},
pages = {10},
title = {{Technologies and Tools to Support Teaching and Learning
Computer Graphics}},
}
